<record><leader>00000cas a22000007a 4500</leader><controlfield tag="001">20039815</controlfield><controlfield tag="008">890720d18341845pauwr ne      0    0ger d</controlfield><datafield ind1=" " ind2=" " tag="010"><subfield code="a">sn 89077518 </subfield></datafield><datafield ind1=" " ind2=" " tag="040"><subfield code="a">NPH</subfield><subfield code="b">eng</subfield><subfield code="c">NPH</subfield><subfield code="d">OCL</subfield><subfield code="d">OCLCQ</subfield><subfield code="d">OCLCF</subfield><subfield code="d">OCLCO</subfield></datafield><datafield ind1="0" ind2=" " tag="041"><subfield code="a">gereng</subfield></datafield><datafield ind1=" " ind2=" " tag="042"><subfield code="a">msc</subfield></datafield><datafield ind1=" " ind2=" " tag="043"><subfield code="a">n-us-pa</subfield></datafield><datafield ind1="0" ind2="0" tag="245"><subfield code="a">Doylestaun Express. und Allgemeiner Anzeiger.</subfield></datafield><datafield ind1="1" ind2="7" tag="246"><subfield code="a">Express</subfield></datafield><datafield ind1="1" ind2="3" tag="246"><subfield code="a">Doylestaun Express</subfield></datafield><datafield ind1=" " ind2=" " tag="260"><subfield code="a">Doylestaun, Penn. :</subfield><subfield code="b">M.H. Schneider</subfield></datafield><datafield ind1=" " ind2=" " tag="300"><subfield code="a">v. :</subfield><subfield code="b">ill. (chiefly advertisements) ;</subfield><subfield code="c">47-54 cm.</subfield></datafield><datafield ind1=" " ind2=" " tag="310"><subfield code="a">Weekly</subfield></datafield><datafield ind1="1" ind2=" " tag="362"><subfield code="a">Began in 1834.</subfield></datafield><datafield ind1="0" ind2=" " tag="362"><subfield code="a">-Bd. 18, Neue Nr. 481 (7. May 1845).</subfield></datafield><datafield ind1=" " ind2=" " tag="515"><subfield code="a">Issues for &lt;Dec. 4, 1844&gt; called also &lt;Neue Nr. 417&gt; and &lt;Alte Nr. 435&gt;.</subfield></datafield><datafield ind1=" " ind2=" " tag="546"><subfield code="a">In German with some notices in English.</subfield></datafield><datafield ind1=" " ind2=" " tag="588"><subfield code="a">Description based on: Bd. 8, Nr. 398 (25. Feb. 1835).</subfield></datafield><datafield ind1=" " ind2="0" tag="650"><subfield code="a">German Americans</subfield><subfield code="z">Pennsylvania</subfield><subfield code="v">Newspapers.</subfield></datafield><datafield ind1=" " ind2="7" tag="655"><subfield code="a">Newspapers.</subfield><subfield code="2">fast</subfield><subfield code="0">(OCoLC)fst01423814</subfield></datafield><datafield ind1=" " ind2="7" tag="650"><subfield code="a">German Americans.</subfield><subfield code="2">fast</subfield><subfield code="0">(OCoLC)fst00941308</subfield></datafield><datafield ind1=" " ind2="7" tag="651"><subfield code="a">Pennsylvania.</subfield><subfield code="2">fast</subfield><subfield code="0">(OCoLC)fst01204598</subfield></datafield><datafield ind1=" " ind2=" " tag="752"><subfield code="a">United States</subfield><subfield code="b">Pennsylvania</subfield><subfield code="c">Bucks</subfield><subfield code="d">Doylestown.</subfield></datafield><datafield ind1=" " ind2=" " tag="752"><subfield code="a">United States</subfield><subfield code="b">Pennsylvania</subfield><subfield code="c">Bucks</subfield><subfield code="d">Doylestaun.</subfield></datafield><datafield ind1="0" ind2="0" tag="785"><subfield code="t">Doylestaun Express (Doylestown, Pa. : 1845)</subfield><subfield code="w">(OCoLC)21616708</subfield></datafield></record>